<record><leader>00000cas a22000007a 4500</leader><controlfield tag="001">20841880</controlfield><controlfield tag="008">900103c19259999mouwr ne      0    0eng d</controlfield><datafield ind1=" " ind2=" " tag="010"><subfield code="a">sn 89067595 </subfield></datafield><datafield ind1=" " ind2=" " tag="040"><subfield code="a">MQN</subfield><subfield code="b">eng</subfield><subfield code="c">MQN</subfield><subfield code="d">OCLCQ</subfield></datafield><datafield ind1="0" ind2="0" tag="245"><subfield code="a">Wayne County journal-banner.</subfield></datafield><datafield ind1=" " ind2=" " tag="260"><subfield code="a">Piedmont, Wayne County, Mo. :</subfield><subfield code="b">Stivers &amp; Barr,</subfield><subfield code="c">1925-</subfield></datafield><datafield ind1=" " ind2=" " tag="300"><subfield code="a">v.</subfield></datafield><datafield ind1=" " ind2=" " tag="310"><subfield code="a">Weekly</subfield></datafield><datafield ind1="0" ind2=" " tag="362"><subfield code="a">Vol. 48, no. 45 (Mar. 5, 1925)- = v. 31, no. 39-</subfield></datafield><datafield ind1=" " ind2=" " tag="752"><subfield code="a">United States</subfield><subfield code="b">Missouri</subfield><subfield code="c">Wayne</subfield><subfield code="d">Piedmont.</subfield></datafield><datafield ind1="0" ind2="0" tag="780"><subfield code="t">Wayne County journal and the Piedmont weekly banner</subfield><subfield code="w">(DLC)sn 89067594</subfield></datafield><datafield ind1="0" ind2="5" tag="780"><subfield code="t">Greenville sun</subfield><subfield code="w">(DLC)sn 89067599</subfield></datafield><datafield ind1="0" ind2="5" tag="780"><subfield code="t">Greenville star</subfield><subfield code="w">(DLC)sn 89067591</subfield></datafield></record>